<record><leader>00000cas a22000007a 4500</leader><controlfield tag="001">14918106</controlfield><controlfield tag="008">861203d18911918iauwr ne      0    0eng d</controlfield><datafield ind1=" " ind2=" " tag="010"><subfield code="a">sn 87057083 </subfield></datafield><datafield ind1=" " ind2=" " tag="040"><subfield code="a">INP</subfield><subfield code="b">eng</subfield><subfield code="c">INP</subfield><subfield code="d">OCLCQ</subfield></datafield><datafield ind1=" " ind2=" " tag="042"><subfield code="a">msc</subfield></datafield><datafield ind1="0" ind2="4" tag="245"><subfield code="a">The Seymour leader.</subfield></datafield><datafield ind1=" " ind2=" " tag="260"><subfield code="a">Seymour, Iowa :</subfield><subfield code="b">A.W. Maxwell,</subfield><subfield code="c">-1918.</subfield></datafield><datafield ind1=" " ind2=" " tag="300"><subfield code="a">v. :</subfield><subfield code="b">ill.</subfield></datafield><datafield ind1=" " ind2=" " tag="310"><subfield code="a">Weekly</subfield></datafield><datafield ind1="1" ind2=" " tag="362"><subfield code="a">Began in 1891.</subfield><subfield code="z">Cf. Bibl. of Iowa newspapers.</subfield></datafield><datafield ind1="0" ind2=" " tag="362"><subfield code="a">-v. 25, no. 47 (Sept. 12, 1918).</subfield></datafield><datafield ind1=" " ind2=" " tag="500"><subfield code="a">Publisher varies.</subfield></datafield><datafield ind1=" " ind2=" " tag="588"><subfield code="a">Description based on: Vol. 1, no. 16 (Oct. 6, 1904).</subfield></datafield><datafield ind1=" " ind2=" " tag="752"><subfield code="a">United States</subfield><subfield code="b">Iowa</subfield><subfield code="c">Wayne</subfield><subfield code="d">Seymour.</subfield></datafield><datafield ind1="0" ind2="7" tag="785"><subfield code="t">Seymour Democrat (Seymour, Iowa)</subfield><subfield code="w">(DLC)sn 87057082</subfield><subfield code="w">(OCoLC)14918080</subfield></datafield><datafield ind1="0" ind2="7" tag="785"><subfield code="t">Seymour herald</subfield><subfield code="w">(DLC)sn 87057084</subfield></datafield></record>